@misc{
    checkers,
    title={The American Checker Federation -- Welcome to the ACF website},
    url={http://www.usacheckers.com/},
    journal={The American Checker Federation -- Welcome to the ACF website}
}